% Encoding: windows-1252


@Book{A-K-S,
  Title                    = {Theory of p-adic distributions: linear and nonlinear models},
  Author                   = {Albeverio S., Khrennikov A. Yu., Shelkovich V. M.},
  Publisher                = {Cambridge University Press},
  Year                     = {2010},

  Owner                    = {438363626232},
  Timestamp                = {2014.05.20}
}
@Book{F-G,
  Title                    = {p-adic Numbers. An Introduction},
  Author                   = {Fernando Gouvea},
  Publisher                = {Springer-Verlag Berlin Heidelberg},
  Year                     = {1997},

  Owner                    = {438363626232},
  Timestamp                = {2014.05.20}
}

@Book{Koblitz,
  Title                    = {p-adic Numbers, p-adic Analysis, and Zeta-Functions},
  Author                   = {Neal Koblitz},
  Publisher                = {Springer-Verlag New York},
  Year                     = {1984},

  Owner                    = {438363626232},
  Timestamp                = {2014.05.20}
}

@Article{H-Freue,
  Title                    = {Protein states and proteinquakes},
  Author                   = {Ansari, Anjum and Berendzen, Joel and Bowne, Samuel F. and Frauenfelder, Hans and Iben, I. E. and Sauke, Todd B. and Shyamsunder, Erramilli and Young, Robert D.},
  Journal                  = {Proceedings of the National Academy of Sciences},
  Year                     = {1985},
  Number                   = {15},
  Pages                    = {5000--5004},
  Volume                   = {82},

  Owner                    = {438363626232},
  Publisher                = {National Acad Sciences},
  Timestamp                = {2014.05.20},
  Url                      = {http://www.pnas.org/content/82/15/5000.short}
}

@Book{Austin2010,
  Title                    = {The physics of proteins: an introduction to biological physics and molecular biophysics},
  Author                   = {Austin, Robert H. and Frauenfelder, Hans and Chan, Shirley S. and Chan, Winnie S. and Schulz, Charles E. and Nienhaus, G. Ulrich and Young, Robert D.},
  Publisher                = {Springer},
  Year                     = {2010},
  Volume                   = {3740},

  __markedentry            = {[438363626232:6]},
  Owner                    = {438363626232},
  Timestamp                = {2014.05.29}
}

@Article{Av-3,
  Title                    = {$p-$adic models of ultrametric diffusion in the conformational dynamics of macromolecules},
  Author                   = {Avetisov V. A., Bikulov A. Kh., Osipov V. A.},
  Journal                  = {(Russian) Tr. Mat. Inst. Steklova},
  Year                     = {2004},
  Pages                    = {48--57},
  Volume                   = {245},

  Owner                    = {438363626232},
  Timestamp                = {2014.03.06}
}

@Article{A-B-O,
  Title                    = {$p-$adic description of characteristic relaxation in complex systems},
  Author                   = {Avetisov, A. V. and Bikulov, A. H. and Osipov, V. A.},
  Journal                  = {J. Phys. A: Math. Gen.},
  Year                     = {2003},
  Pages                    = {4239--4246},
  Volume                   = {36},

  Owner                    = {438363626232},
  Timestamp                = {2014.05.17}
}

@Article{Av-6,
  Title                    = {Application of p-adic analysis to models of breaking of replica symmetry},
  Author                   = {Avetisov, V. A. and Bikulov, A. H. and Kozyrev, S. V.},
  Journal                  = {Journal of Physics A: Mathematical and General},
  Year                     = {1999},
  Number                   = {50},
  Pages                    = {8785},
  Volume                   = {32},

  Owner                    = {438363626232},
  Publisher                = {IOP Publishing},
  Timestamp                = {2014.05.20},
  Url                      = {http://iopscience.iop.org/0305-4470/32/50/301}
}

@Article{Av-5,
  Title                    = {p-Adic models of ultrametric diffusion constrained by hierarchical energy landscapes},
  Author                   = {Avetisov, V. A. and Bikulov, A. H. and Kozyrev, S. V. and Osipov, V. A.},
  Journal                  = {Journal of Physics A: Mathematical and General},
  Year                     = {2002},
  Number                   = {2},
  Pages                    = {177},
  Volume                   = {35},

  Owner                    = {438363626232},
  Publisher                = {IOP Publishing},
  Timestamp                = {2014.05.17},
  Url                      = {http://iopscience.iop.org/0305-4470/35/2/301}
}

@Article{Av-8,
  Title                    = {Are proteins ultrametric?},
  Author                   = {Avetisov, Vladik A. and Bikulov, Albert Kh.},
  Journal                  = {arXiv preprint arXiv:0804.4551},
  Year                     = {2008},

  Owner                    = {438363626232},
  Timestamp                = {2014.05.27},
  Url                      = {http://arxiv.org/abs/0804.4551}
}

@Article{Av-4,
  Title                    = {p-Adic description of characteristic relaxation in complex systems},
  Author                   = {Avetisov, V. A. and Bikulov, A. Kh. and A. l. Osipov, V.},
  Journal                  = {Journal of Physics A: Mathematical and General},
  Year                     = {2003},
  Number                   = {15},
  Pages                    = {4239},
  Volume                   = {36},

  Owner                    = {438363626232},
  Publisher                = {IOP Publishing},
  Timestamp                = {2014.05.17},
  Url                      = {http://iopscience.iop.org/0305-4470/36/15/301}
}

@InProceedings{Av-7,
  Title                    = {Description of logarithmic relaxation by a model of a hierarchical random walk},
  Author                   = {Avetisov, V. A. and Bikulov, A. Kh. and Kozyrev, S. V.},
  Booktitle                = {Dokl. Akad. Nauk SSSR},
  Year                     = {1999},
  Number                   = {2},
  Pages                    = {164--167},
  Volume                   = {368},

  Owner                    = {438363626232},
  Timestamp                = {2014.05.17}
}

@Article{Av-2,
  Title                    = {First passage time distribution and the number of returns for ultrametric random walks},
  Author                   = {Avetisov, V. A. and Bikulov, A. Kh. and Zubarev, A. P.},
  Journal                  = {Journal of Physics A: Mathematical and Theoretical},
  Year                     = {2009},
  Number                   = {8},
  Pages                    = {085003},
  Volume                   = {42},

  Owner                    = {438363626232},
  Publisher                = {IOP Publishing},
  Timestamp                = {2014.05.17},
  Url                      = {http://iopscience.iop.org/1751-8121/42/8/085003}
}

@Article{Av-1,
  Title                    = {On the ultrametricity of the fluctuation dynamic mobility of protein molecules},
  Author                   = {Avetisov, V. A., Bikulov, A.H., Kozyrev, S. V., Osipov V. A.},
  Journal                  = {(Russian) Tr. Mat. Inst. Steklova},
  Year                     = {2009},
  Pages                    = {75--81},
  Volume                   = {265},

  Owner                    = {438363626232},
  Timestamp                = {2014.03.06}
}

@Book{Dyn,
  Title                    = {Markov processes},
  Author                   = {Dynkin E. B.},
  Publisher                = {Springer-Verlag},
  Year                     = {1965},

  Owner                    = {438363626232},
  Timestamp                = {2014.05.17}
}

@Article{C-Z2,
  Title                    = {P-adic Elliptic Quadratic Forms, Parabolic-Type Pseudodifferential Equations With Variable Coefficients, and Markov Processes},
  Author                   = {Casas-S{\'a}nchez, O. F. and Z{\'u}{\~n}iga-Galindo, W. A.},
  Journal                  = {P-Adic Numbers Ultrametric Anal. Appl.},
  Year                     = {2014},
  Number                   = {1},
  Pages                    = {1Â–20},
  Volume                   = {6},

  Owner                    = {438363626232},
  Timestamp                = {2014.05.17},
  Url                      = {http://arxiv.org/abs/1312.2476}
}

@Article{C-Z,
  Title                    = {Riesz kernels and pseudodifferential operators attached to quadratic forms over p-adic fields},
  Author                   = {Casas-S{\'a}nchez, O. F. and Z{\'u}{\~n}iga-Galindo, W. A.},
  Journal                  = {P-Adic Numbers, Ultrametric Analysis, and Applications},
  Year                     = {2013},
  Number                   = {3},
  Pages                    = {177--193},
  Volume                   = {5},

  Owner                    = {438363626232},
  Publisher                = {Springer},
  Timestamp                = {2014.05.17},
  Url                      = {http://link.springer.com/article/10.1134/S2070046613030011}
}

@Book{C-H,
  Title                    = {An introduction to semilinear evolution equations},
  Author                   = {Cazenave, Thierry and Haraux, Alain},
  Publisher                = {Oxford University Press},
  Year                     = {1998},
  Volume                   = {13},

  Owner                    = {438363626232},
  Timestamp                = {2014.05.17}
}

@Article{Ch,
  Title                    = {The Problem of the First Passage Time for Some Elliptic Pseudodifferential Operators Over the p-adics},
  Author                   = {Chac{\'o}n-Cortes, L. F.},
  Journal                  = {Accepted, Revista Colombiana de Matem\'aticas},
  Year                     = {20014},

  Owner                    = {438363626232},
  Timestamp                = {2014.05.20}
}

@Article{Ch-Z2,
  Title                    = {Non-local Operators, Non-Archimedean Parabolic-type Equations with Variable Coefficients and Markov Processes},
  Author                   = {Chac{\'o}n-Cortes, L. F. and Z{\'u}{\~n}iga-Galindo, W. A.},
  Journal                  = {arXiv:1405.3016},

  Owner                    = {438363626232},
  Timestamp                = {2014.05.17},
  Url                      = {http://arxiv.org/abs/1405.3016}
}

@Article{Ch-Z,
  Title                    = {Nonlocal operators, parabolic-type equations, and ultrametric random walks},
  Author                   = {Chac{\'o}n-Cortes, L. F. and Z{\'u}{\~n}iga-Galindo, W. A.},
  Journal                  = {Journal of Mathematical Physics},
  Year                     = {2013},
  Number                   = {11},
  Pages                    = {113503},
  Volume                   = {54},

  Owner                    = {438363626232},
  Publisher                = {AIP Publishing},
  Timestamp                = {2014.05.17},
  Url                      = {http://scitation.aip.org/content/aip/journal/jmp/54/11/10.1063/1.4828857}
}

@Article{Dra-Kh-K-V,
  Title                    = {On p-adic mathematical physics},
  Author                   = {Dragovich, Branko and Khrennikov, A. Yu. and Kozyrev, Sergei V. and Volovich, Igor V.},
  Journal                  = {P-Adic Numbers, Ultrametric Analysis, and Applications},
  Year                     = {2009},
  Number                   = {1},
  Pages                    = {1--17},
  Volume                   = {1},

  Owner                    = {438363626232},
  Publisher                = {Springer},
  Timestamp                = {2014.05.17},
  Url                      = {http://link.springer.com/article/10.1134/S2070046609010014}
}

@InProceedings{E-N,
  Title                    = {One-parameter semigroups for linear evolution equations},
  Author                   = {Engel, Klaus-Jochen and Nagel, Rainer},
  Booktitle                = {Semigroup Forum},
  Year                     = {2001},
  Number                   = {2},
  Organization             = {Springer},
  Pages                    = {278--280},
  Volume                   = {63},

  Owner                    = {438363626232},
  Timestamp                = {2014.05.17},
  Url                      = {http://www.springerlink.com/index/M7LR9FUNULPNLEQ8.pdf}
}

@Article{G-Z,
  Title                    = {Pseudo-differential operators with semi-quasielliptic symbols over p-adic fields},
  Author                   = {Galeano-Pe{\~n}aloza, J. and Z{\'u}{\~n}iga-Galindo, W. A.},
  Journal                  = {Journal of Mathematical Analysis and Applications},
  Year                     = {2012},
  Number                   = {1},
  Pages                    = {32--49},
  Volume                   = {386},

  Owner                    = {438363626232},
  Publisher                = {Elsevier},
  Timestamp                = {2014.05.17},
  Url                      = {http://www.sciencedirect.com/science/article/pii/S0022247X1100686X}
}

@Book{Taibleson,
  Title                    = {Fourier analysis on local fields},
  Author                   = {Taibleson M. H.},
  Publisher                = {Princeton University Press Princeton},
  Year                     = {1975},

  Owner                    = {438363626232},
  Timestamp                = {2014.05.17}
}

@Article{Ka,
  Title                    = {Diffusion processes with ultrametric jumps},
  Author                   = {Karwowski, W.},
  Journal                  = {Reports on Mathematical Physics},
  Year                     = {2007},
  Number                   = {2},
  Pages                    = {221--235},
  Volume                   = {60},

  Owner                    = {438363626232},
  Publisher                = {Elsevier},
  Timestamp                = {2014.05.17},
  Url                      = {http://www.sciencedirect.com/science/article/pii/S0034487707000250}
}

@Article{Kh-Koz2,
  Title                    = {Wavelets on ultrametric spaces},
  Author                   = {Khrennikov, A. Yu. and Kozyrev, Sergei V.},
  Journal                  = {Applied and Computational Harmonic Analysis},
  Year                     = {2005},
  Number                   = {1},
  Pages                    = {61--76},
  Volume                   = {19},

  Owner                    = {438363626232},
  Publisher                = {Elsevier},
  Timestamp                = {2014.05.17}
}

@Article{K-Kos,
  Title                    = {$p-$adic pseudodifferential operators and analytic continuation of replica matrices},
  Author                   = {Khrennikov, A. Yu. and Kozyrev, Sergei Vladimirovich},
  Journal                  = {Theoretical and mathematical physics},
  Year                     = {2005},
  Number                   = {2},
  Pages                    = {1166--1170},
  Volume                   = {144},

  Owner                    = {438363626232},
  Publisher                = {Springer},
  Timestamp                = {2014.05.17},
  Url                      = {http://link.springer.com/article/10.1007/s11232-005-0146-2}
}

@Book{Koch,
  Title                    = {Pseudo-differential equations and stochastics over non-Archimedean fields},
  Author                   = {Kochubei, Anatoly},
  Editor                   = {Marcel Dekker, Inc.},
  Publisher                = {New York},
  Year                     = {2001},
  Number                   = {244},

  Owner                    = {438363626232},
  Timestamp                = {2014.05.17}
}

@Article{Koch2,
  Title                    = {Parabolic equations over the field of p-adic numbers},
  Author                   = {Kochubei, Anatoly Naumovich},
  Journal                  = {Izvestiya Rossiiskoi Akademii Nauk. Seriya Matematicheskaya},
  Year                     = {1991},
  Number                   = {6},
  Pages                    = {1312--1330},
  Volume                   = {55},

  Owner                    = {438363626232},
  Publisher                = {Russian Academy of Sciences, Branch of Mathematical Sciences},
  Timestamp                = {2014.05.20},
  Url                      = {http://www.mathnet.ru/eng/im975}
}

@Article{Koz1,
  Title                    = {p-Adic pseudodifferential operators and p-adic wavelets},
  Author                   = {Kozyrev, Sergei Vladimirovich},
  Journal                  = {Theoretical and mathematical physics},
  Year                     = {2004},
  Number                   = {3},
  Pages                    = {322--332},
  Volume                   = {138},

  Owner                    = {438363626232},
  Publisher                = {Springer},
  Timestamp                = {2014.05.17},
  Url                      = {http://www.springerlink.com/index/t110684l230167u7.pdf}
}

@Article{Koz-Kh,
  Title                    = {Pseudodifferential operators on ultrametric spaces and ultrametric wavelets},
  Author                   = {Kozyrev, Sergei Vladimirovich and Khrennikov, A. Yu.},
  Journal                  = {Izvestiya: Mathematics},
  Year                     = {2005},
  Number                   = {5},
  Pages                    = {989},
  Volume                   = {69},

  Owner                    = {438363626232},
  Publisher                = {IOP Publishing},
  Timestamp                = {2014.05.17},
  Url                      = {http://iopscience.iop.org/1064-5632/69/5/A04}
}

@Book{M-P-V,
  Title                    = {Spin glass theory and beyond},
  Author                   = {M{\'e}zard, Marc and Parisi, Giorgio and Virasoro, Miguel Angel},
  Publisher                = {World scientific Singapore},
  Year                     = {1987},
  Volume                   = {9},

  Owner                    = {438363626232},
  Timestamp                = {2014.05.17}
}

@Article{R-T,
  Title                    = {Ultrametricity for physicists},
  Author                   = {Rammal, Rammal and Toulouse, G{\'e}rard and Virasoro, Miguel Angel},
  Journal                  = {Reviews of Modern Physics},
  Year                     = {1986},
  Number                   = {3},
  Pages                    = {765},
  Volume                   = {58},

  Owner                    = {438363626232},
  Publisher                = {APS},
  Timestamp                = {2014.05.17},
  Url                      = {http://rmp.aps.org/abstract/RMP/v58/i3/p765_1}
}

@Article{Ro,
  Title                    = {On a general type of p-adic parabolic equations},
  Author                   = {Rodr{\'\i}guez-Vega, John Jaime},
  Journal                  = {Revista Colombiana de Matem{\'a}ticas},
  Year                     = {2009},
  Number                   = {2},
  Pages                    = {101--114},
  Volume                   = {43},

  Owner                    = {438363626232},
  Publisher                = {Universidad Nacional de Colombia y Sociedad Colombiana de Matem{\'a}ticas},
  Timestamp                = {2014.05.17},
  Url                      = {http://www.emis.ams.org/journals/RCM/Articulos/931.pdf}
}

@Article{Ro-Zu,
  Title                    = {Taibleson operators, p-adic parabolic equations and ultrametric diffusion},
  Author                   = {Rodr{\'\i}guez-Vega, J. J. and Z{\'u}{\~n}iga-Galindo, Wilson A.},
  Journal                  = {Pacific J. Math.},
  Year                     = {2008},
  Pages                    = {327--347},
  Volume                   = {237},

  Owner                    = {438363626232},
  Timestamp                = {2014.05.17}
}

@Book{Rudin,
  Title                    = {Fourier analysis on groups},
  Author                   = {Rudin, Walter},
  Publisher                = {Interscience, New York},
  Year                     = {1962},

  Owner                    = {438363626232},
  Timestamp                = {2014.05.17}
}

@Article{R-T-V-W,
  Title                    = {Quantum mechanics on p-adic fields},
  Author                   = {Ruelle, Ph. and Thiran, E. and Verstegen, D. and Weyers, Jacques},
  Journal                  = {Journal of Mathematical Physics},
  Year                     = {1989},
  Number                   = {12},
  Pages                    = {2854--2874},
  Volume                   = {30},

  Owner                    = {438363626232},
  Publisher                = {AIP Publishing},
  Timestamp                = {2014.05.20},
  Url                      = {http://scitation.aip.org/content/aip/journal/jmp/30/12/10.1063/1.528468}
}

@Article{T-Z,
  Title                    = {Parabolic type equations and Markov stochastic processes on Adeles},
  Author                   = {Torba, Sergii M. and Z{\'u}niga-Galindo, W. A.},
  Journal                  = {Journal of Fourier Analysis and Applications},
  Year                     = {2013},
  Number                   = {4},
  Pages                    = {792--835},
  Volume                   = {19},

  Owner                    = {438363626232},
  Publisher                = {Springer},
  Timestamp                = {2014.05.17},
  Url                      = {http://link.springer.com/article/10.1007/s00041-013-9277-2}
}

@Article{Va,
  Title                    = {Path integrals for a class of p-adic Schr{\"o}dinger equations},
  Author                   = {Varadarajan, V. S.},
  Journal                  = {Letters in Mathematical Physics},
  Year                     = {1997},
  Number                   = {2},
  Pages                    = {97--106},
  Volume                   = {39},

  Owner                    = {438363626232},
  Publisher                = {Springer},
  Timestamp                = {2014.05.17},
  Url                      = {http://link.springer.com/article/10.1023/A:1007364631796}
}

@Article{VV,
  Title                    = {p-Adic quantum mechanics},
  Author                   = {Vladimirov, V. S. and Volovich, I. V.},
  Journal                  = {Communications in mathematical physics},
  Year                     = {1989},
  Number                   = {4},
  Pages                    = {659--676},
  Volume                   = {123},

  Owner                    = {438363626232},
  Publisher                = {Springer},
  Timestamp                = {2014.05.20},
  Url                      = {http://link.springer.com/article/10.1007/BF01218590}
}

@Article{V-V-Z,
  Title                    = {$p-$adic analysis and mathematical physics},
  Author                   = {Vladimirov, V. S. and Volovich, I. V. and Zelenov, E. I.},
  Journal                  = {Advanced Mathematics: Computations and Applications},
  Year                     = {1994},
  Pages                    = {128--141},

  Owner                    = {438363626232},
  Timestamp                = {2014.05.17}
}

@Article{Zu,
  Title                    = {Parabolic equations and Markov processes over p-adic fields},
  Author                   = {Z{\'u}{\~n}iga-Galindo, W. A.},
  Journal                  = {Potential Analysis},
  Year                     = {2008},
  Number                   = {2},
  Pages                    = {185--200},
  Volume                   = {28},

  Owner                    = {438363626232},
  Publisher                = {Springer},
  Timestamp                = {2014.05.17},
  Url                      = {http://link.springer.com/article/10.1007/s11118-007-9072-2}
}

@Article{ZKleinG,
  Title                    = {Non Archimedean Pseudodifferential Equations of Klein-Gordon Type and Quantum Scalar Fields},
  Author                   = {Zuniga-Galindo, W. A.},
  Journal                  = {arXiv preprint arXiv:1302.3506},
  Year                     = {2013},

  Owner                    = {438363626232},
  Timestamp                = {2014.05.20},
  Url                      = {http://arxiv.org/abs/1302.3506}
}
}
@book{katok,
   title =     {p-adic analysis compared with real},
   author =    {Svetlana Katok},
   publisher = {American Mathematical Society},
   isbn =      {082184220X,978-0-8218-4220-1,000-000-000-0},
   year =      {2007},
   series =    {Student Mathematical Library 037},
   edition =   {},
   volume =    {},
   url =       {http://gen.lib.rus.ec/book/index.php?md5=21b5f1a688f13e7ca8edf8428272cb2c}
}

@article{Parisi-2000,
 doi       = {10.1007/s100510051063},
 title     = {P-adic numbers and replica symmetry breaking},
 author    = {G. Parisi; N. Sourlas},
 publisher = {Springer},
 journal   = {The European Physical Journal B / Condensed Matter and Complex Systems},
 issn      = {1434-6028,1434-6036},
 year      = {2000},
 volume    = {14},
 issue     = {3},
 pages     = {535--542},
 url       = {http://doi.org/10.1007/s100510051063}
}
@article{Avetisov-1999,
 doi       = {10.1088/0305-4470/32/50/301},
 title     = {Application of p -adic analysis to models of breaking of replica symmetry},
 author    = {Avetisov, V A; Bikulov, A H; Kozyrev, S V},
 publisher = {Institute of Physics},
 journal   = {Journal of Physics A: Mathematical and General Physics},
 issn      = {0305-4470,0022-3689},
 year      = {1999},
 volume    = {32},
 issue     = {50},
 pages     = {8785--8791},
 url       = {http://doi.org/10.1088/0305-4470%2F32%2F50%2F301}
}
@article{Avetisov-2002,
 doi       = {10.1088/0305-4470/35/2/301},
 title     = {p -adic models of ultrametric diffusion constrained by hierarchical energy landscapes},
 author    = {Avetisov, V A; Bikulov, A H; Kozyrev, S V; Osipov, V A},
 publisher = {Institute of Physics},
 journal   = {Journal of Physics A: Mathematical and General Physics},
 issn      = {0305-4470,0022-3689},
 year      = {2002},
 volume    = {35},
 issue     = {2},
 pages     = {177--189},
 url       = {http://doi.org/10.1088/0305-4470%2F35%2F2%2F301}
}

@article{Crip-1998,
 doi       = {10.1007/bf02355442},
 title     = {Uniformly distributed sequences in computer algebra or how to construct program generators of random numbers},
 author    = {V. S. Anashin},
 publisher = {Springer US},
 journal   = {Journal of Mathematical Sciences},
 issn      = {1072-3374,1573-8795},
 year      = {1998},
 volume    = {89},
 issue     = {4},
 pages     = {1355--1390},
 url       = {http://doi.org/10.1007/bf02355442}
}

@article{Laplacian,
 doi       = {10.2298/aadm1000001c},
 title     = {Towards a spectral theory of graphs based on the signless Laplacian, III},
 author    = {Dragos, Cvetkovic; Slobodan, Simic},
 publisher = {KoBSON},
 journal   = {Applicable Analysis and Discrete Mathematics},
 issn      = {1452-8630,2406-100X},
 year      = {2010},
 volume    = {4},
 issue     = {1},
 pages     = {156--166},
 url       = {http://doi.org/10.2298/aadm1000001c}
}

@article{Dragovich-2017,
 doi       = {10.1134/S2070046617020017},
 title     = {p-Adic mathematical physics: the first 30 years},
 author    = {Dragovich, B.; Khrennikov, A. Yu.; Kozyrev, S. V.; Volovich, I. V.; Zelenov, E. I.},
 publisher = {SP MAIK Nauka/Interperiodica},
 journal   = {P-Adic Numbers, Ultrametric Analysis, and Applications},
 issn      = {2070-0466,2070-0474},
 year      = {2017},
 volume    = {9},
 issue     = {2},
 pages     = {87--121},
 url       = {http://doi.org/10.1134/S2070046617020017}
}
@book{book:1200874,
   title =     {Introduction to Metric and Topological Spaces},
   author =    {Wilson A Sutherland},
   publisher = {Oxford University Press},
   isbn =      {019956308X,9780199563081, 0199563071, 9780199563074},
   year =      {2009},
   series =    {[Oxford Mathematics]},
   edition =   {2},
   volume =    {},
   url =       {http://gen.lib.rus.ec/book/index.php?md5=676aade529cfc0f658b91112b659fb10}
}
@book{networksAI,
   title =     {Networks: An Introduction  },
   author =    {Mark Newman},
   publisher = {Oxford University Press},
   isbn =      {0199206651,9780199206650},
   year =      {2010},
   series =    {},
   edition =   {1},
   volume =    {},
   url =       {http://gen.lib.rus.ec/book/index.php?md5=c2093a954f6073b0245fffa20165dbfd}
}
@book{donaldC,
   title =     {Measure theory},
   author =    {Donald L. Cohn},
   publisher = {Birkhauser},
   isbn =      {9780817630034,0817630031},
   year =      {1994},
   series =    {},
   edition =   {},
   volume =    {},
   url =       {http://gen.lib.rus.ec/book/index.php?md5=5cdd9b60f96f9ea938dfc6bcdcd358ba}
}
@Comment{jabref-meta: databaseType:bibtex;}
